
% Book on feature extraction and selection
% http://clopinet.com/fextract-book/
@book{guyon2008feature,
  title={Feature extraction: foundations and applications},
  author={Guyon, Isabelle and Gunn, Steve and Nikravesh, Masoud and Zadeh, Lofti A},
  volume={207},
  year={2008},
  publisher={Springer}
}

% In facial feature extraction for expression
% analysis, there are mainly two types of approaches
@incollection{tian2011facial,
  title={Facial expression recognition},
  author={Tian, Yingli and Kanade, Takeo and Cohn, Jeffrey F},
  booktitle={Handbook of face recognition},
  pages={487--519},
  year={2011},
  publisher={Springer}
}



% Tamplate Based Face Detection
@inproceedings{ai2001face,
  title={Face detection based on template matching and support vector machines},
  author={Ai, Haizhou and Liang, Luhong and Xu, Guangyou},
  booktitle={Proceedings 2001 International Conference on Image Processing (Cat. No. 01CH37205)},
  volume={1},
  pages={1006--1009},
  year={2001},
  organization={IEEE}
}

% Geometric Based Face Detection
@inproceedings{lin2000human,
  title={Human face detection using geometric triangle relationship},
  author={Lin, Chiunhsiun and Fan, Kuo-Chin},
  booktitle={Proceedings 15th International Conference on Pattern Recognition. ICPR-2000},
  volume={2},
  pages={941--944},
  year={2000},
  organization={IEEE}
}


% Viola Jones Face detection method
@article{viola2004robust,
  title={Robust real-time face detection},
  author={Viola, Paul and Jones, Michael J},
  journal={International journal of computer vision},
  volume={57},
  number={2},
  pages={137--154},
  year={2004},
  publisher={Springer}
}


% Learning model for face detection - feature extraction and classifiacation
@article{xie2019deep,
  title={Deep Multi-path Convolutional Neural Network Joint with Salient Region Attention for Facial Expression Recognition},
  author={Xie, Siyue and Hu, Haifeng and Wu, Yongbo},
  journal={Pattern Recognition},
  year={2019},
  publisher={Elsevier}
}

% NN based face detection
@article{rowley1998nn, 
author={H. A. {Rowley} and S. {Baluja} and T. {Kanade}}, 
journal={IEEE Transactions on Pattern Analysis and Machine Intelligence}, 
title={Neural network-based face detection}, 
year={1998}, 
volume={20}, 
number={1}, 
pages={23-38}, 
doi={10.1109/34.655647}, 
ISSN={0162-8828}, 
month={Jan},}


% Spatial Domain Technique for Feature Extraction
% Rule Based Classification
@article{ioannou2007robust,
  title={Robust feature detection for facial expression recognition},
  author={Ioannou, Spiros and Caridakis, George and Karpouzis, Kostas and Kollias, Stefanos},
  journal={Journal on image and video processing},
  volume={2007},
  number={2},
  pages={5--5},
  year={2007},
  publisher={Hindawi Publishing Corp.}
}

% Spatial Domain Eye localization - Feature Extraction
@article{skodras2015precise,
  title={Precise localization of eye centers in low resolution color images},
  author={Skodras, Evangelos and Fakotakis, Nikos},
  journal={Image and Vision Computing},
  volume={36},
  pages={51--60},
  year={2015},
  publisher={Elsevier}
}


% Spatial Domain Feature Extraction
@article{yu2018eye,
  title={An eye detection method based on convolutional neural networks and support vector machines},
  author={Yu, Mingxin and Tang, Xiaoying and Lin, Yingzi and Schmidt, David and Wang, Xiangzhou and Guo, Yikang and Liang, Bo},
  journal={Intelligent Data Analysis},
  volume={22},
  number={2},
  pages={345--362},
  year={2018},
  publisher={IOS Press}
}

% Spatial Domain Feature Extraction
@article{alazzawi2018performance,
  title={Performance of Face Recognition System Using Gradient Laplacian Operators and New Features Extraction Method Based on Linear Regression Slope},
  author={Alazzawi, Abdulbasit and Ucan, Osman N and Bayat, Oguz},
  journal={Mathematical Problems in Engineering},
  volume={2018},
  year={2018},
  publisher={Hindawi}
}


% Frequency Domain Feature Extraction
@article{lajevardi2012automatic,
  title={Automatic facial expression recognition: feature extraction and selection},
  author={Lajevardi, Seyed Mehdi and Hussain, Zahir M},
  journal={Signal, Image and video processing},
  volume={6},
  number={1},
  pages={159--169},
  year={2012},
  publisher={Springer}
}

% VGG-FAce network
@inproceedings{parkhi2015deep,
  title={Deep face recognition.},
  author={Parkhi, Omkar M and Vedaldi, Andrea and Zisserman, Andrew and others},
  booktitle={bmvc},
  volume={1},
  number={3},
  pages={6},
  year={2015}
}

% FACS and AU
@article{friesen1978facial,
  title={Facial action coding system: a technique for the measurement of facial movement},
  author={Friesen, E and Ekman, Paul},
  journal={Palo Alto},
  volume={3},
  year={1978},
  publisher={Consulting Psychologists Press}
}

@article{bioid,
title={BioID-Face-Database},
 url={https://www.bioid.com/facedb/}}



%Gabor Filters
@article{daugman1985uncertainty,
  title={Uncertainty relation for resolution in space, spatial frequency, and orientation optimized by two-dimensional visual cortical filters},
  author={Daugman, John G},
  journal={JOSA A},
  volume={2},
  number={7},
  pages={1160--1169},
  year={1985},
  publisher={Optical Society of America}
}

%Naive Baysian 
@article{zhang2004optimality,
  title={The optimality of naive Bayes},
  author={Zhang, Harry},
  journal={AA},
  volume={1},
  number={2},
  pages={3},
  year={2004}
}

%Baysian
@inproceedings{langley1992analysis,
  title={An analysis of Bayesian classifiers},
  author={Langley, Pat and Iba, Wayne and Thompson, Kevin and others},
  booktitle={Aaai},
  volume={90},
  pages={223--228},
  year={1992}
}

% More baysian
@inproceedings{rish2001empirical,
  title={An empirical study of the naive Bayes classifier},
  author={Rish, Irina and others},
  booktitle={IJCAI 2001 workshop on empirical methods in artificial intelligence},
  volume={3},
  number={22},
  pages={41--46},
  year={2001}
}

%MLP
@article{pal1992multilayer,
  title={Multilayer perceptron, fuzzy sets, and classification},
  author={Pal, Sankar K and Mitra, Sushmita},
  journal={IEEE Transactions on neural networks},
  volume={3},
  number={5},
  pages={683--697},
  year={1992},
  publisher={IEEE}
}


%Deep Learning
@article{lecun2015deep,
  title={Deep learning},
  author={LeCun, Yann and Bengio, Yoshua and Hinton, Geoffrey},
  journal={nature},
  volume={521},
  number={7553},
  pages={436},
  year={2015},
  publisher={Nature Publishing Group}
}

% Logistic REgression
@book{hosmer2013applied,
  title={Applied logistic regression},
  author={Hosmer Jr, David W and Lemeshow, Stanley and Sturdivant, Rodney X},
  volume={398},
  year={2013},
  publisher={John Wiley \& Sons}
}

%BackPropogation
@article{rumelhart1988learning,
  title={Learning representations by back-propagating errors},
  author={Rumelhart, David E and Hinton, Geoffrey E and Williams, Ronald J and others},
  journal={Cognitive modeling},
  volume={5},
  number={3},
  pages={1},
  year={1988}
}

%C Lu
@inproceedings{lei2006combination,
  title={A Combination of Spatiotemporal ICA and Euclidean Features for Face Recognition},
  author={Lei, Jiajin and Lay, Tim and Weiland, Chris and Lu, Chao},
  booktitle={IFIP International Conference on Artificial Intelligence in Theory and Practice},
  pages={395--403},
  year={2006},
  organization={Springer}
}

% Importance of facial expression recognition in humans
@article{cecilione2017test,
  title={Test--retest reliability of the facial expression labeling task.},
  author={Cecilione, Jennifer L and Rappaport, Lance M and Verhulst, Brad and Carney, Dever M and Blair, RJR and Brotman, Melissa A and Leibenluft, Ellen and Pine, Daniel S and Roberson-Nay, Roxann and Hettema, John M},
  journal={Psychological assessment},
  volume={29},
  number={12},
  pages={1537},
  year={2017},
  publisher={American Psychological Association}
}

%ekman
@article{ekman1987universals,
  title={Universals and cultural differences in the judgments of facial expressions of emotion.},
  author={Ekman, Paul and Friesen, Wallace V and O'sullivan, Maureen and Chan, Anthony and Diacoyanni-Tarlatzis, Irene and Heider, Karl and Krause, Rainer and LeCompte, William Ayhan and Pitcairn, Tom and Ricci-Bitti, Pio E and others},
  journal={Journal of personality and social psychology},
  volume={53},
  number={4},
  pages={712},
  year={1987},
  publisher={American Psychological Association}
}

%Chain rule
@article{abdeljawad2015conformable,
  title={On conformable fractional calculus},
  author={Abdeljawad, Thabet},
  journal={Journal of computational and Applied Mathematics},
  volume={279},
  pages={57--66},
  year={2015},
  publisher={Elsevier}
}